@book{sandars1972epic,
  title={The epic of Gilgamesh},
  author={Sanders, Nancy},
  year={1972},
  publisher={Penguin},
}
@misc{britishmuseum,
    title={The Library of Ashurbanipal},
    author={{British Museum}},
    year={2002},
    publisher={British Museum},
    howpublished=               {\url{http://www.britishmuseum.org/research/research_projects/all_current_projects/ashurbanipal_library_phase_1.aspx
}},
}
@book{oppenheim2013ancient,
  title={Ancient Mesopotamia: portrait of a dead civilization},
  author={Oppenheim, A Leo},
  year={2013},
  publisher={University of Chicago Press},
}
@book{dalley2000myths,
  title={Myths from Mesopotamia: Creation, the flood, Gilgamesh, and others},
  author={Dalley, Stephanie},
  year={2000},
  publisher={Oxford University Press, USA},
}
@book{van1997ancient,
  title={The ancient Mesopotamian city},
  author={Van de Mieroop, Marc},
  year={1997},
  publisher={Clarendon Press},
}
@misc{snigowski2015,
title={Personal communication},
author={Sniegowski, Peter},
year={2015},
}
@misc{nelson2015,
title={Personal communication},
author={Nelson, Don},
year={2015},
}
